<record xmlns="http://www.loc.gov/MARC21/slim" xmlns:xsi="http://www.w3.org/2001/XMLSchema-instance" xsi:schemaLocation="http://www.loc.gov/MARC21/slim http://www.loc.gov/standards/marcxml/schema/MARC21slim.xsd">

  <leader>01333nab a2200157   4500</leader>
  <controlfield tag="005">20160317162526.0</controlfield>
  <controlfield tag="008">150702b2001    cr f|||| |||| 00| 0 spa d</controlfield>
  <datafield tag="090" ind1=" " ind2=" ">
    <subfield code="a">REVIS 06.02.01</subfield>
  </datafield>
  <datafield ind1="1" ind2=" " tag="100">
    <subfield code="9">253</subfield>
    <subfield code="a">Salas Madriz, Flora Eugenia</subfield>
  </datafield>
  <datafield ind2="0" ind1="1" tag="245">
    <subfield code="a">Apuntes sobre una agenda para la modernización de la Universidad  de Costa Rica /</subfield>
    <subfield code="c">Flora Eugenia Salas Madriz</subfield>
  </datafield>
  <datafield ind1=" " ind2=" " tag="300">
    <subfield code="a">páginas 11-24</subfield>
  </datafield>
  <datafield tag="520" ind2=" " ind1=" ">
    <subfield code="a">En este artículo se hace un análisis coyuntural de la educación superior pública costarricense, de frente al contexto histórico de las decádas de los años ochenta y noventa, en donde se da un proceso de reversión del Estado Benefactor.
Se propone una revisión profunda de las bases filosóficas y administrativas de la universidad pública en general, y de la Universidad de Costa Rica en particular, para culminar con una agenda de prioridades para la modernización de la gestión universitaria, a fin de que el proyecto de educación superior pública emprendido por la U.C.R. hace ya más de cuarenta años, se ajuste a los nuevos requerimientos de la economía, la cultura y la sociedad del presente siglo</subfield>
  </datafield>
  <datafield ind1="1" ind2="4" tag="650">
    <subfield code="9">1</subfield>
    <subfield code="a">EDUCACIÓN</subfield>
  </datafield>
  <datafield ind2=" " ind1="0" tag="773">
    <subfield code="d">San José, Costa Rica : Editorial de la Universidad de Costa Rica, 1997-</subfield>
    <subfield code="o">R0189</subfield>
    <subfield code="t">EDUCACIÓN: Revista de la Universidad de Costa Rica</subfield>
    <subfield code="g">Vol.25, no.2  (2001)</subfield>
  </datafield>
  <datafield ind1=" " ind2=" " tag="942">
    <subfield code="2">z</subfield>
    <subfield code="c">10</subfield>
  </datafield>
  <datafield tag="999" ind2=" " ind1=" ">
    <subfield code="c">2724</subfield>
    <subfield code="d">2724</subfield>
  </datafield>
</record>